@article{fenichel1979,
  title={Geometric singular perturbation theory for ordinary differential equations},
  author={Fenichel, Neil},
  journal={Journal of differential equations},
  volume={31},
  number={1},
  pages={53--98},
  year={1979},
  publisher={Academic Press}
}

@INCOLLECTION{Jones1995,
  title     = "Geometric singular perturbation theory",
  booktitle = "Dynamical Systems: Lectures Given at the 2nd Session of the
               Centro Internazionale Matematico Estivo ({C.I.M.E}.) held in
               Montecatini Terme, Italy, June 13--22, 1994",
  author    = "Jones, Christopher K R T",
  editor    = "Arnold, Ludwig and Jones, Christopher K R T and Mischaikow,
               Konstantin and Raugel, Genevi{\`e}ve and Johnson, Russell",
  publisher = "Springer Berlin Heidelberg",
  pages     = "44--118",
  year      =  1995,
  url       = "https://doi.org/10.1007/BFb0095239",
  address   = "Berlin, Heidelberg",
  isbn      = "9783540494157",
  doi       = "10.1007/BFb0095239"
}

@book{kuehn2015,
  title={Multiple time scale dynamics},
  author={Kuehn, Christian},
  volume={191},
  year={2015},
  publisher={Springer}
}

@article{peixoto1959,
  title={Structural stability in the plane with enlarged boundary conditions},
  author={Peixoto, Marilia C and Peixoto, Maur{\'\i}cio M},
  journal={An. Acad. Brasil. Ci},
  volume={31},
  number={2},
  pages={135--160},
  year={1959}
}

@article{mane1987,
  title={{A proof of the {$C\^{1}$} stability conjecture}},
  author={Ma{\~n}{\'e}, Ricardo},
  journal={Publications Math{\'e}matiques de l'IH{\'E}S},
  volume={66},
  pages={161--210},
  year={1987}
}

@article{hu1994,
  title={{A proof of $C^1$ stability conjecture for three-dimensional flows}},
  author={Hu, Sen},
  journal={Transactions of the American Mathematical Society},
  volume={342},
  number={2},
  pages={753--772},
  year={1994}
}

@article{hayashi1997,
  title={Connecting invariant manifolds and the solution of the $C^1$ stability and $\Omega$-stability conjectures for flows},
  author={Hayashi, Shuhei},
  journal={Annals of mathematics},
  pages={81--137},
  year={1997},
  publisher={JSTOR}
}

@article{robbin1971,
  title={A structural stability theorem},
  author={Robbin, Joel W},
  journal={Annals of Mathematics},
  volume={94},
  number={3},
  pages={447--493},
  year={1971},
  publisher={JSTOR}
}

@inproceedings{robinson1974 ,
  title={{Structural stability of $C^1$ flows}},
  author={Robinson, Clark R},
  booktitle={Dynamical Systems—Warwick 1974: Proceedings of a Symposium Held at the University of Warwick 1973/74},
  pages={262--275},
  year={1974 },
  organization={Springer}
}

@incollection{palis1970,
  title={Structural stability theorems},
  author={Palis, Jacob and Smale, Stephen},
  booktitle={Global Analysis},
  pages={223-231},
  year={1970},
  publisher={Proc. Symp. Pure Math}
}

@article{rabinovich2008,
  title={Transient cognitive dynamics, metastability, and decision making},
  author={Rabinovich, Mikhail I and Huerta, Ram{\'o}n and Varona, Pablo and Afraimovich, Valentin S},
  journal={PLoS computational biology},
  volume={4},
  number={5},
  pages={e1000072},
  year={2008},
  publisher={Public Library of Science San Francisco, USA}
}

@book{wiggins1994,
  title={Normally hyperbolic invariant manifolds in dynamical systems},
  author={Wiggins, Stephen},
  volume={105},
  year={1994},
  publisher={Springer Science \& Business Media}
}


@book{conley1978,
  title={Isolated invariant sets and the Morse index},
  author={Conley, Charles C},
  number={38},
  year={1978},
  publisher={American Mathematical Soc.}
}

@article{milnor1985,
  title={On the concept of attractor},
  author={Milnor, John},
  journal={Communications in Mathematical Physics},
  volume={99},
  pages={177--195},
  year={1985},
  publisher={Springer}
}

@article{jaeger2021,
  title={Towards a generalized theory comprising digital, neuromorphic and unconventional computing},
  author={Jaeger, Herbert},
  journal={Neuromorphic Computing and Engineering},
  volume={1},
  number={1},
  pages={012002},
  year={2021},
  publisher={IOP Publishing}
}

@article{jaeger2023theory,
  title={Toward a formal theory for computing machines made out of whatever physics offers},
  author={Jaeger, Herbert and Noheda, Beatriz and Van Der Wiel, Wilfred G},
  journal={Nature Communications},
  volume={14},
  number={1},
  pages={4911},
  year={2023},
  publisher={Nature Publishing Group UK London}
}

@article{mischaikow1999,
  title={The {C}onley index theory: A brief introduction},
  author={Mischaikow, Konstantin},
  journal={Banach Center Publications},
  volume={47},
  number={1},
  pages={9--19},
  year={1999}
}

@book{marr2010,
  title={Vision: A computational investigation into the human representation and processing of visual information},
  author={Marr, David},
  year={2010},
  publisher={MIT press}
}

@article{milkowski2014,
  title={Computational mechanisms and models of computation},
  author={Mi{\l}kowski, Marcin},
  journal={Philosophia Scienti{\ae}. Travaux d'histoire et de Philosophie des Sciences},
  number={18-3},
  pages={215--228},
  year={2014},
  publisher={Universit{\'e} Nancy 2}
}

@article{milkowski2018computermetaphor,
  title={From computer metaphor to computational modeling: the evolution of computationalism},
  author={Mi{\l}kowski, Marcin},
  journal={Minds and Machines},
  volume={28},
  number={3},
  pages={515--541},
  year={2018},
  publisher={Springer}
}

@article{pylyshyn1984,
  title={Computation and cognition},
  author={Pylyshyn, Zenon Walter},
  year={1984},
  publisher={MIT press Cambridge, MA}
}

@book{young1978,
  title={Programs of the Brain},
  author={Young, John Zachary},
  year={1978},
  publisher={Oxford University Press},
  address={Oxford},
}

@article{vanderschaft2004equivalence,
  title={Equivalence of dynamical systems by bisimulation},
  author={Van der Schaft, A J},
  journal={IEEE transactions on automatic control},
  volume={49},
  number={12},
  pages={2160--2172},
  year={2004},
  publisher={IEEE}
}

@incollection{vanderschaft2004bisimulation,
  title={Bisimulation of Dynamical Systems},
  author={Van der Schaft, A J},
  booktitle={Hybrid Systems: Computation and Control},
editor={Alur, Rajeev and Pappas, George J.},
  volume={2293},
  pages={555--569},
  year={2004},
  publisher={Springer},
}

@article{casey1996,
  title={The dynamics of discrete-time computation, with application to recurrent neural networks and finite state machine extraction},
  author={Casey, Mike},
  journal={Neural computation},
  volume={8},
  number={6},
  pages={1135--1178},
  year={1996},
  publisher={MIT Press}
}

@inproceedings{oliva2019,
  title={On the interpretation of recurrent neural networks as finite state machines},
  author={Oliva, Christian and Lago-Fern{\'a}ndez, Luis F},
  booktitle={Artificial Neural Networks and Machine Learning--ICANN 2019: Theoretical Neural Computation: 28th International Conference on Artificial Neural Networks, Munich, Germany, September 17--19, 2019, Proceedings, Part I 28},
  pages={312--323},
  year={2019},
  organization={Springer}
}

@article{cotteret2024vector,
  title={Vector symbolic finite state machines in attractor neural networks},
  author={Cotteret, Madison and Greatorex, Hugh and Ziegler, Martin and Chicca, Elisabetta},
  journal={Neural Computation},
  pages={1--47},
  year={2024},
  publisher={MIT Press One Rogers Street, Cambridge, MA 02142-1209, USA journals-info~…}
}

@article{myers2022,
  title={Considering readout to understand working memory},
  author={Myers, Nicholas E},
  journal={Journal of Cognitive Neuroscience},
  volume={35},
  number={1},
  pages={11--13},
  year={2022},
  publisher={MIT Press One Broadway, 12th Floor, Cambridge, Massachusetts 02142, USA}
}

@article{lanthaler2023,
  title={Neural Oscillators are Universal},
  author={Lanthaler, Samuel and Rusch, Konstantin and Mishra, Sascha},
  journal={arXiv preprint arXiv:2305.08753},
  year={2023},
  eprint={2305.08753},
  archivePrefix={arXiv}
}

@article{homburg2013bifurcations,
  title={Bifurcations of random differential equations with bounded noise},
  author={Homburg, Ale Jan and Young, Todd R and Gharaei, Masoumeh},
  journal={Bounded noises in physics, biology, and engineering},
  pages={133--149},
  year={2013},
  publisher={Springer}
}

@article{eliasmith2010describe,
  title={How we ought to describe computation in the brain},
  author={Eliasmith, Chris},
  journal={Studies in History and Philosophy of Science Part A},
  volume={41},
  number={3},
  pages={313--320},
  year={2010},
  publisher={Elsevier}
}

@inproceedings{bernstein2017markov,
  title={Markov transitions between attractor states in a recurrent neural network},
  author={Bernstein, Jeremy and Dasgupta, Ishita and Rolnick, David and Sompolinsky, Haim},
  booktitle={2017 AAAI Spring Symposium Series},
  year={2017}
}

@article{recanatesi2022metastable,
  title={Metastable attractors explain the variable timing of stable behavioral action sequences},
  author={Recanatesi, Stefano and Pereira-Obilinovic, Ulises and Murakami, Masayoshi and Mainen, Zachary and Mazzucato, Luca},
  journal={Neuron},
  volume={110},
  number={1},
  pages={139--153},
  year={2022},
  publisher={Elsevier}
}

@article{ballarin2023memory,
  title={Memory of recurrent networks: Do we compute it right?},
  author={Ballarin, Giovanni and Grigoryeva, Lyudmila and Ortega, Juan-Pablo},
  journal={arXiv preprint arXiv:2305.01457},
  year={2023}
}

@article{tino2006learning,
  title={Learning beyond finite memory in recurrent networks of spiking neurons},
  author={Ti{\v{n}}o, Peter and Mills, Ashely JS},
  journal={Neural computation},
  volume={18},
  number={3},
  pages={591--613},
  year={2006},
  publisher={MIT Press}
}

@article{gonon2021fading,
  title={Fading memory echo state networks are universal},
  author={Gonon, Lukas and Ortega, Juan-Pablo},
  journal={Neural Networks},
  volume={138},
  pages={10--13},
  year={2021},
  publisher={Elsevier}
}

@article{jiang2023brief,
  title={A brief survey on the approximation theory for sequence modelling},
  author={Jiang, Haotian and Li, Qianxiao and Li, Zhong and Wang, Shida},
  journal={arXiv preprint arXiv:2302.13752},
  year={2023}
}

@article{hardt2018,
  title={Gradient descent learns linear dynamical systems},
  author={Hardt, Moritz and Ma, Tengyu and Recht, Benjamin},
  journal={Journal of Machine Learning Research},
  volume={19},
  number={1},
  pages={1025--1068},
  year={2018}
}

@article{li2022approximation,
  title={Approximation and optimization theory for linear continuous-time recurrent neural networks},
  author={Li, Zhong and Han, Jiequn and Weinan, E and Li, Qianxiao},
  journal={Journal of Machine Learning Research},
  volume={23},
  number={42},
  pages={1--85},
  year={2022}
}

@article{li2020curse,
  title={On the curse of memory in recurrent neural networks: Approximation and optimization analysis},
  author={Li, Zhong and Han, Jiequn and Li, Qianxiao and others},
  journal={arXiv preprint arXiv:2009.07799},
  year={2020}
}

@article{ortega2024fading,
  title={Fading memory and the convolution theorem},
  author={Ortega, Juan-Pablo and Rossmannek, Florian},
  journal={arXiv preprint arXiv:2408.07386},
  year={2024}
}

@inproceedings{kalinke1998computation,
  title={Computation in recurrent neural networks: From counters to iterated function systems},
  author={Kalinke, Yvonne and Lehmann, Helko},
  booktitle={Australian Joint Conference on Artificial Intelligence},
  pages={179--190},
  year={1998},
  organization={Springer}
}

@article{ceni2020interpreting,
  title={Interpreting recurrent neural networks behaviour via excitable network attractors},
  author={Ceni, Andrea and Ashwin, Peter and Livi, Lorenzo},
  journal={Cognitive Computation},
  volume={12},
  number={2},
  pages={330--356},
  year={2020},
  publisher={Springer}
}

@article{cleeremans1989finite,
  title={Finite state automata and simple recurrent networks},
  author={Cleeremans, Axel and Servan-Schreiber, David and McClelland, James L},
  journal={Neural computation},
  volume={1},
  number={3},
  pages={372--381},
  year={1989},
  publisher={MIT Press One Rogers Street, Cambridge, MA 02142-1209, USA journals-info~…}
}