@article{sussillo2014,
  title={Neural circuits as computational dynamical systems},
  author={Sussillo, David},
  journal={Current opinion in neurobiology},
  volume={25},
  pages={156--163},
  year={2014},
  publisher={Elsevier}
}

@article{barak2017recurrent,
  author    = {Barak, Omri},
  title     = {Recurrent Neural Networks as Versatile Tools of Neuroscience Research},
  journal   = {Current Opinion in Neurobiology},
  volume    = {46},
  pages     = {1-6},
  year      = {2017},
}


%reverse engineering
@article{marom2009,
  title={On the precarious path of reverse neuro-engineering},
  author={Marom, Shimon and Meir, Ron and Braun, Erez and Gal, Asaf and Kermany, Einat and Eytan, Danny},
  journal={Frontiers in Computational Neuroscience},
  volume={3},
  pages={495},
  year={2009},
  publisher={Frontiers}
}

@article{sussillo2013blackbox,
  title={Opening the black box: Low-dimensional dynamics in high-dimensional recurrent neural networks},
  author={Sussillo, David and Barak, Omri},
  journal={Neural computation},
  volume={25},
  number={3},
  pages={626--649},
  year={2013},
  publisher={MIT Press}
}

@article{maheswaranathan2019universality,
  title={Universality and individuality in neural dynamics across large populations of recurrent networks},
  author={Maheswaranathan, Niru and Williams, Alex and Golub, Matthew and Ganguli, Surya and Sussillo, David},
  journal={Advances in neural information processing systems},
  volume={32},
  year={2019}
}

@article{beer2018,
  title={Dynamics of dynamics: Following the formation of a line attractor},
  author={Beer, Chen and Barak, Omri},
  journal={arXiv preprint arXiv:1805.09603},
  year={2018}
}

@article{smith2021reverse,
  title={Reverse engineering recurrent neural networks with {Jacobian} switching linear dynamical systems},
  author={Smith, Jimmy and Linderman, Scott and Sussillo, David},
  journal={Advances in Neural Information Processing Systems},
  volume={34},
  pages={16700--16713},
  year={2021}
}

@article{beer2024,
  title={Revealing and reshaping attractor dynamics in large networks of cortical neurons},
  author={Beer, Chen and Barak, Omri},
  journal={PLOS Computational Biology},
  volume={20},
  number={1},
  pages={e1011784},
  year={2024},
  publisher={Public Library of Science San Francisco, CA USA}
}

@inproceedings{turner2023,
  title={The Simplicity Bias in Multi-Task {RNNs}: Shared Attractors, Reuse of Dynamics, and Geometric Representation},
  author={Turner, Elia and Barak, Omri},
  booktitle={Thirty-seventh Conference on Neural Information Processing Systems},
  year={2023}
}

@InProceedings{haviv2019,
  title = 	 {Understanding and Controlling Memory in Recurrent Neural Networks},
  author =       {Haviv, Doron and Rivkind, Alexander and Barak, Omri},
  booktitle = 	 {Proceedings of the 36th International Conference on Machine Learning},
  pages = 	 {2663--2671},
  year = 	 {2019},
  editor = 	 {Chaudhuri, Kamalika and Salakhutdinov, Ruslan},
  volume = 	 {97},
  series = 	 {Proceedings of Machine Learning Research},
  month = 	 {09--15 Jun},
  publisher =    {PMLR},
  pdf = 	 {http://proceedings.mlr.press/v97/haviv19a/haviv19a.pdf},
  url = 	 {https://proceedings.mlr.press/v97/haviv19a.html}
}


%persistence
@article{barak2007,
  title={Persistent activity in neural networks with dynamic synapses},
  author={Barak, Omri and Tsodyks, Misha},
  journal={PLoS computational biology},
  volume={3},
  number={2},
  pages={e35},
  year={2007},
  publisher={Public Library of Science San Francisco, USA}
}

@article{barak2014,
  title={Working models of working memory},
  author={Barak, Omri and Tsodyks, Misha},
  journal={Current opinion in neurobiology},
  volume={25},
  pages={20--24},
  year={2014},
  publisher={Elsevier}
}


%stability
@article{marom2023,
  title={A biophysical perspective on the resilience of neuronal excitability across timescales},
  author={Marom, Shimon and Marder, Eve},
  journal={Nature Reviews Neuroscience},
  volume={24},
  number={10},
  pages={640--652},
  year={2023},
  publisher={Nature Publishing Group UK London}
}



%CAs
@article{stringer2002headdirection,
  title={Self-organizing continuous attractor networks and path integration: One-dimensional models of head direction cells},
  author={Stringer, SM and Trappenberg, TP and Rolls, ET and Araujo, IETd},
  journal={Network: Computation in Neural Systems},
  volume={13},
  number={2},
  pages={217--242},
  year={2002},
  publisher={Taylor \& Francis}
}

@article{stringer2002placecells,
  title={Self-organizing continuous attractor networks and path integration: Two-dimensional models of place cells},
  author={Stringer, SM and Rolls, ET and Trappenberg, TP and De Araujo, IET},
  journal={Network: computation in neural systems},
  volume={13},
  number={4},
  pages={429--446},
  year={2002},
  publisher={Taylor \& Francis}
}  


%interpretability
@article{lipton2018,
  title={The mythos of model interpretability: In machine learning, the concept of interpretability is both important and slippery},
  author={Lipton, Zachary C.},
  journal={Queue},
  volume={16},
  number={3},
  pages={31--57},
  year={2018},
}

@article{erasmus2021,
  title={What is interpretability?},
  author={Erasmus, Adrian and Brunet, Tyler DP and Fisher, Eyal},
  journal={Philosophy \& Technology},
  volume={34},
  number={4},
  pages={833--862},
  year={2021},
  publisher={Springer}
}

@article{potochnik2021,
  title={Our World Isn't Organized into Levels},
  author={Potochnik, Angela},
  year={2021}
}

@article{potochnik2020,
  title={Idealization and many aims},
  author={Potochnik, Angela},
  journal={Philosophy of science},
  volume={87},
  number={5},
  pages={933--943},
  year={2020},
  publisher={Cambridge University Press}
}

@book{potochnik2017idealization,
  title={Idealization and the Aims of Science},
  author={Potochnik, Angela},
  year={2017},
  publisher={University of Chicago Press}
}

@article{potochnik2016,
  title={Scientific explanation: Putting communication first},
  author={Potochnik, Angela},
  journal={Philosophy of Science},
  volume={83},
  number={5},
  pages={721--732},
  year={2016},
  publisher={Cambridge University Press}
}